@article{j92:reinforce,
	Author = {Williams, Ronald J.},
	Day = {01},
	Doi = {10.1007/BF00992696},
	Issn = {1573-0565},
	Journal = {Machine Learning},
	Month = {May},
	Number = {3},
	Pages = {229--256},
	Title = {Simple statistical gradient-following algorithms for connectionist reinforcement learning},
	Url = {http://dx.doi.org/10.1007/BF00992696},
	Volume = {8},
	Year = {1992},
	Bdsk-Url-1 = {http://dx.doi.org/10.1007/BF00992696}
}

@article{zsv14:language_model,
  author    = {Wojciech Zaremba and
               Ilya Sutskever and
               Oriol Vinyals},
  title     = {Recurrent Neural Network Regularization},
  journal   = {CoRR},
  volume    = {abs/1409.2329},
  year      = {2014}
}

@article{ywgsbszt17:mcbytext,
  author    = {Xingdi Yuan and Tong Wang and Caglar Gulcehre and Alessandro Sordoni and Philip Bachman and Sandeep Subramanian and Saizheng Zhang and Adam Trischler},
  title     = {Machine Comprehension by Text-to-Text Neural Question Generation
},
  journal   = {CoRR},
  volume    = {abs/1705.02012},
  year      = {2017}
}

@article{yhsc17:semiQA,
  author    = {Zhilin Yang and Junjie Hu and Ruslan Salakhutdinov and William W. Cohen},
  title     = {Semi-Supervised QA with Generative Domain-Adaptive Nets
},
  journal   = {CoRR},
  volume    = {abs/1702.02206},
  year      = {2017}
}

@misc{tensorflow2015-whitepaper,
title={ {TensorFlow}: Large-Scale Machine Learning on Heterogeneous Systems},
url={http://tensorflow.org/},
note={Software available from tensorflow.org},
author={
    Mart\'{\i}n~Abadi and
    Ashish~Agarwal and
    Paul~Barham and
    Eugene~Brevdo and
    Zhifeng~Chen and
    Craig~Citro and
    Greg~S.~Corrado and
    Andy~Davis and
    Jeffrey~Dean and
    Matthieu~Devin and
    Sanjay~Ghemawat and
    Ian~Goodfellow and
    Andrew~Harp and
    Geoffrey~Irving and
    Michael~Isard and
    Yangqing Jia and
    Rafal~Jozefowicz and
    Lukasz~Kaiser and
    Manjunath~Kudlur and
    Josh~Levenberg and
    Dan~Man\'{e} and
    Rajat~Monga and
    Sherry~Moore and
    Derek~Murray and
    Chris~Olah and
    Mike~Schuster and
    Jonathon~Shlens and
    Benoit~Steiner and
    Ilya~Sutskever and
    Kunal~Talwar and
    Paul~Tucker and
    Vincent~Vanhoucke and
    Vijay~Vasudevan and
    Fernanda~Vi\'{e}gas and
    Oriol~Vinyals and
    Pete~Warden and
    Martin~Wattenberg and
    Martin~Wicke and
    Yuan~Yu and
    Xiaoqiang~Zheng},
  year={2015},
}

@article{bbxglpcb16:seqgan,
  author    = {Lantao Yu and Weinan Zhang and Jun Wang and Yong Yu},
  title     = {SeqGAN: Sequence Generative Adversarial Nets with Policy Gradient
},
  journal   = {CoRR},
  volume    = {abs/1609.05473},
  year      = {2016}
}

@article{bbxglpcb16:seqpred,
  author    = {Dzmitry Bahdanau and Philemon Brakel and Kelvin Xu and Anirudh Goyal and Ryan Lowe and Joelle Pineau and Aaron Courville and Yoshua Bengio},
  title     = {AN ACTOR-CRITIC ALGORITHM
FOR SEQUENCE PREDICTION},
  journal   = {CoRR},
  volume    = {abs/1607.07086},
  year      = {2016}
}

@article{rcaz15:seqlearn,
  author    = {Marc{'}Aurelio Ranzato and Sumit Chopra and Michael Auli and Wojciech Zaremba},
  title     = {SEQUENCE LEVEL TRAINING WITH
RECURRENT NEURAL NETWORKS},
  journal   = {CoRR},
  volume    = {abs/1511.06732},
  year      = {2015}
}

@article{lpm15:Luong,
  author    = {Minh{-}Thang Luong and
               Hieu Pham and
               Christopher D. Manning},
  title     = {Effective Approaches to Attention-based Neural Machine Translation},
  journal   = {CoRR},
  volume    = {abs/1508.04025},
  year      = {2015}
}

@article{wbcrmjm15:bAbI,
  author    = {Jason Weston and Antoine Bordes and Sumit Chopra and Alexander M. Rush and Bart van Merrie{\"{n}}boer and Armand Joulin and Tomas Mikolov},
  title     = {Towards {AI}-complete question answering: a set of prerequisite toy tasks},
  journal   = {CoRR},
  volume    = {abs/1502.05698},
  year      = {2015}
}

@article{rzll16:SQuAD,
  author    = {Pranav Rajpurkar and Jian Zhang and Konstantin Lopyrev and Percy Liang},
  title     = {SQuAD: 100,000+ Questions for Machine Comprehension of Text},
  journal   = {CoRR},
  volume    = {abs/1606.05650},
  year      = {2016}
}

@article{koibgzps15:DMN,
  author    = {Ankit Kumar and Peter Ondruska and Mohit Iyyer and James Bradbury and Ishaan Gulrajani and Victor Zhong and Romain Paulus and Richard Socher},
  title     = {Ask Me Anything:
Dynamic Memory Networks for Natural Language Processing},
  journal   = {CoRR},
  volume    = {abs/1506.07285},
  year      = {2015}
}

@article{xms16:DMN+,
  author    = {Caiming Xiong and Stephen Merity and Richard Socher},
  title     = {Dynamic Memory Networks for Visual and Textual Question Answering},
  journal   = {CoRR},
  volume    = {abs/1603.01417},
  year      = {2016}
}

@article{sdgaccb16:factoid,
  author    = {Iulian Vlad Serban and Alberto Garc\'{i}a-Dur\'{a}n and Caglar Gulcehre and Sungjin Ahn and Sarath Chandar and Aaron Courville and Yoshua Bengio},
  title     = {Generating Factoid Questions With Recurrent Neural Networks: The 30M Factoid Question-Answer Corpus
},
  journal   = {CoRR},
  volume    = {abs/1603.06807},
  year      = {2016}
}

@article{cmgbsb14:seq2seq,
  author    = {Kyunghyun Cho and
               Bart van Merrienboer and
               {\c{C}}aglar G{\"{u}}l{\c{c}}ehre and
               Fethi Bougares and
               Holger Schwenk and
               Yoshua Bengio},
  title     = {Learning Phrase Representations using {RNN} Encoder-Decoder for Statistical
               Machine Translation},
  journal   = {CoRR},
  volume    = {abs/1406.1078},
  year      = {2014}
}

@article{hwsbl16:entnet,
  author    = {Mikael Henaff and
               Jason Weston and
               Arthur Szlam and
               Antoine Bordes and
               Yann LeCun},
  title     = {Tracking the World State with Recurrent Entity Networks},
  journal   = {CoRR},
  volume    = {abs/1612.03969},
  year      = {2016}
}

@article{bcb14:attention1,
  author    = {Dzmitry Bahdanau and
               Kyunghyun Cho and
               Yoshua Bengio},
  title     = {Neural Machine Translation by Jointly Learning to Align and Translate},
  journal   = {CoRR},
  volume    = {abs/1409.0473},
  year      = {2014}
}

@article{vkkpsh14:attention2,
  author    = {Oriol Vinyals and
               Lukasz Kaiser and
               Terry Koo and
               Slav Petrov and
               Ilya Sutskever and
               Geoffrey E. Hinton},
  title     = {Grammar as a Foreign Language},
  journal   = {CoRR},
  volume    = {abs/1412.7449},
  year      = {2014}
}

@article{sswf15:memn2n,
  author    = {Sainbayar Sukhbaatar and
               Arthur Szlam and
               Jason Weston and
               Rob Fergus},
  title     = {Weakly Supervised Memory Networks},
  journal   = {CoRR},
  volume    = {abs/1503.08895},
  year      = {2015}
}

@article{hs97:lstm,
 author = {Hochreiter, Sepp and Schmidhuber, J\"{u}rgen},
 title = {Long Short-Term Memory},
 journal = {Neural Comput.},
 issue_date = {November 15, 1997},
 volume = {9},
 number = {8},
 month = nov,
 year = {1997},
 issn = {0899-7667},
 pages = {1735--1780},
 numpages = {46},
 acmid = {1246450},
 publisher = {MIT Press},
 address = {Cambridge, MA, USA},
}

@article{DBLP:journals/corr/KingmaB14,
  author    = {Diederik P. Kingma and
               Jimmy Ba},
  title     = {Adam: {A} Method for Stochastic Optimization},
  journal   = {CoRR},
  volume    = {abs/1412.6980},
  year      = {2014},
  url       = {http://arxiv.org/abs/1412.6980},
  timestamp = {Wed, 07 Jun 2017 14:40:52 +0200},
  biburl    = {http://dblp.uni-trier.de/rec/bib/journals/corr/KingmaB14},
  bibsource = {dblp computer science bibliography, http://dblp.org}
}
